@article{Rucio,
  doi = {10.1088/1742-6596/513/4/042021},
  url = {https://doi.org/10.1088/1742-6596/513/4/042021},
  year  = {2014},
  month = {jun},
  publisher = {{IOP} Publishing},
  volume = {513},
  number = {4},
  pages = {042021},
  author = {V Garonne and R Vigne and G Stewart and M Barisits and T B eermann and M Lassnig and C Serfon and L Goossens and A Nairz and},
  title = {Rucio {\textendash} The next generation of large scale distributed system for {ATLAS} Data Management},
  journal = {Journal of Physics: Conference Series}
}

@inproceedings{perfSONAR,
title = {Instantiating a global network measurement framework},
author  = {B. Tierney, J. Boote, E. Boyd, A. Brown, M. Grigoriev, J. Metzger, M. Swany, M. Zekauskas and J. Zurawski},
year  = {2009},
booktitle = {SOSP Workshop on Real Overlays and Distributed Systems (ROADSâ€™09)},
address = {Big Sky, MT, USA}
}

@misc{perfSONAR_Publications,
  key = "",
  author = "",
  editor = "",
  organization = "",
  title = "perfSONAR-PS Publications",
  year = "2005-2009",
  url = {http://www.perfsonar.net/publications.html},
}

@misc{SQUID,
  year =         "2018",
  title =        "Squid",
  url =          {http://www.squid-cache.org},
  lastaccessed = {2018/03/26}
}

@article{xrootd,
author = {Dorigo, Alvise and Elmer, P and Furano, Fabrizio and Hanushevsky, A},
year = {2005},
month = {04},
pages = {348-353},
title = {XROOTD - A highly scalable architecture for data access},
volume = {4},
booktitle = {WSEAS Transactions on Computers}
}

@misc{checkmk,
  year =         "2018",
  title =        "Check\_Mk",
  url =          {https://mathias-kettner.de/check\_mk.html},
  lastaccessed = {2018/03/26}
}

@misc{ElasticStack,
  year =  "2018",
  title = "Elastic Stack",
  url = {https://www.elastic.co/guide/index.html},
}

@misc{OSSIM,
  year =  "2018",
  title = "AlienVault OSSIM",
  url = {https://www.alienvault.com/products/ossim},
}

@misc{CTSC,
  year =  "2018",
  title = "Center for Trusted Scientific Cyberinfrastructure.",
  url = {https://trustedci.org/},
}

@misc{Github,
  year =  "2018",
  title = "GitHub",
  url = {https://github.com/},
}

@misc{SLATE-Architecture,
  year =  "2018",
  title = "SLATE Architecture Doc",
  url = {https://docs.google.com/document/d/18F1qV3WGmcz7fxr95aCUAgR-_qqz1iQEAMF-AFTsuoE/edit?usp=sharing
  },
}

@inproceedings{GoogleDataCenter,
title = {Large-scale cluster management at {Google} with {Borg}},
author  = {Abhishek Verma and Luis Pedrosa and Madhukar R. Korupolu and David Oppenheimer and Eric Tune and John Wilkes},
year  = {2015},
booktitle = {Proceedings of the European Conference on Computer Systems (EuroSys)},
address = {Bordeaux, France}
}


@techreport{Mell2011,
  doi = {10.6028/nist.sp.800-145},
  url = {https://doi.org/10.6028/nist.sp.800-145},
  year  = {2011},
  publisher = {National Institute of Standards and Technology},
  author = {P M Mell and T Grance},
  title = {The {NIST} definition of cloud computing}
}

@inproceedings{GlobusConnect,
   author = {S. Tuecke and R. Ananthakrishnan and K. Chard and M. Lidman and B. McCollam and S. Rosen and I. Foster},
   booktitle = {2016 IEEE 12th International Conference on e-Science (e-Science)},
   title = {Globus auth: A research identity and access management platform},
   year = {2016},
   pages = {203-212},
   doi = {10.1109/eScience.2016.7870901},
   month={Oct}
}

@article{Kubernetes1,
   title = {Borg, Omega, and   Kubernetes},
   author  = {Brendan Burns and Brian Grant and David Oppenheimer and Eric Brewer and John Wilkes},
   year  = {2016},
   URL = {http://queue.acm.org/detail.cfm?id=2898444},
   journal = {ACM Queue},
   pages = {70--93},
   volume  = {14}
}

@misc{Kubernetes2,
   year =  "2018",
   title = "Kubernetes | Production-Grade Container Orchestration",
   url = {https://kubernetes.io/},
}

@misc{KubernetesFedProject,
   year = "2018",
   title = "Kubernetes Federation Project",
   url = {https://kubernetes.io/docs/concepts/cluster-administration/federation/}
}
@misc{Helm,
   title = "The Kubernetes Package Manager: Kubernetes Helm",
   year = "2018",
   url = {https://github.com/kubernetes/helm}
}

@misc{CloudInit,
   year = "2018",
   title = "Cloud-Init: multi-distribution cloud initialization",
   url = {http://cloudinit.readthedocs.io/en/latest/}
}
@inproceedings{Dart2013,
  doi = {10.1145/2503210.2503245},
  url = {https://doi.org/10.1145/2503210.2503245},
  year  = {2013},
  publisher = {{ACM} Press},
  author = {Eli Dart and Lauren Rotman and Brian Tierney and Mary Hester and Jason Zurawski},
  title = {The Science {DMZ}},
  booktitle = {Proceedings of the International Conference for High Performance Computing,  Networking,  Storage and Analysis on - {SC} {\textquotesingle}13}
}

@article{Berman2014,
  doi = {10.1016/j.bjp.2013.12.037},
  url = {https://doi.org/10.1016/j.bjp.2013.12.037},
  year  = {2014},
  month = {mar},
  publisher = {Elsevier {BV}},
  volume = {61},
  pages = {5--23},
  author = {Mark Berman and Jeffrey S. Chase and Lawrence Landweber and Akihiro Nakao and Max Ott and Dipankar Raychaudhuri and Robert Ricci and Ivan Seskar},
  title = {{GENI}: A federated testbed for innovative network experiments},
  journal = {Computer Networks}
}

@misc{GENI,
  year = 2018,
  title = "GENI (Global Environment for Network Innovations), a virtual laboratory for networking and distributed systems research and education.",
  url = {https://www.geni.net/}
}

@article{RicciEide:login14,
    author  = "Robert Ricci and Eric Eide and {The CloudLab Team}",
    title   = "Introducing {CloudLab}: Scientific Infrastructure for Advancing Cloud Architectures and Applications",
    journal = "{USENIX} {;login:}",
    year    = 2014,
    month   = dec,
    volume  = 39,
    number  = 6,
    url = "https://www.usenix.org/publications/login/dec14/ricci"
}

@incollection{Baldine2012,
  doi = {10.1007/978-3-642-35576-9_12},
  url = {https://doi.org/10.1007/978-3-642-35576-9_12},
  year  = {2012},
  publisher = {Springer Berlin Heidelberg},
  pages = {97--113},
  author = {Ilia Baldine and Yufeng Xin and Anirban Mandal and Paul Ruth and Chris Heerman and Jeff Chase},
  title = {{ExoGENI}: A Multi-domain Infrastructure-as-a-Service Testbed},
  booktitle = {Lecture Notes of the Institute for Computer Sciences,  Social Informatics and Telecommunications Engineering}
}

@INPROCEEDINGS{Chameleon, 
   author = {J. Mambretti and J. Chen and F. Yeh}, 
   booktitle = {2015 International Conference on Cloud Computing Research and Innovation (ICCCRI)}, 
   title = {Next Generation Clouds, the Chameleon Cloud Testbed, and Software Defined Networking (SDN)}, 
   year = {2015}, 
   volume = {}, 
   number = {}, 
   pages = {73-79}, 
   keywords = {cloud computing;program testing;software defined networking;NSF cloud initiative;SDN;US National Science Foundation;chameleon cloud testbed;cloud architectures;cloud computing;cloud services;cloud technology;high performance networks;large scale distributed cloud testbeds;next generation clouds;software defined networking;Cloud computing;Computer architecture;Logic gates;Software defined networking;Virtualization;Chameleon Cloud;Cloud testbeds;NSFCloud;Software Defined Infrastructure (SDI);Software Defined Network Exchanges (SDXs);Software Defined Networking (SDN);distributed clouds;federated clouds;highly distribu;network testbeds;programmable networking}, 
   doi = {10.1109/ICCCRI.2015.10}, 
   ISSN = {}, 
   month = {Oct},
}

@misc{Minikube,
   year = 2018,
   title = "Minikube GitHub Repository",
   url = {https://github.com/kubernetes/minikube},
}

@misc{Go,
   year = 2018,
   title = "The Go Programming Language",
   url = {https://golang.org/},
}

@misc{Docker,
   year = 2018,
   title = "Docker Website",
   url = {https://www.docker.com/},
}

@techreport{RFC5280,
  author = {D. Cooper and S. Santesson and S. Farrell and S. Boeyen and R. Housley and W. Polk},
  title = {Internet X.509 Public Key Infrastructure Certificate and Certificate Revocation List (CRL) Profile},
  howpublished = {Internet Requests for Comments},
  type = {RFC},
  number = {5280},
  year = {2008},
  month = {May},
  issn = {2070-1721},
  publisher = {RFC Editor},
  institution = {RFC Editor},
  url = {http://www.rfc-editor.org/rfc/rfc5280.txt},
  note = {\url{http://www.rfc-editor.org/rfc/rfc5280.txt}},
}

@misc{etcd,
   year = 2018,
   title = "etcd Documentation",
   url = {https://coreos.com/etcd/},
}

@misc{CoreOS,
   year = 2018,
   title = "CoreOS Container Linux",
   url = {https://coreos.com/os/docs/latest},
}

@misc{RancherOS,
   year = 2018,
   title = "RancherOS Website",
   url = {https://rancher.com/rancher-os/},
}


@misc{Cyverse,
   year = 2018,
   title = "Cyverse life sciences platform.",
   url = {http://www.cyverse.org/about},
}

@misc{PRP,
   year = 2018,
   title = "The Pacific Research Platform.",
   url = {http://prp.ucsd.edu/}
}


@misc{GENI_Stitching,
   year = 2016,
   title = "GENI Network Stitching Architecture",
   url = {http://groups.geni.net/geni/wiki/GeniNetworkStitching}
}

@article{McKeown2008,
  doi = {10.1145/1355734.1355746},
  url = {https://doi.org/10.1145/1355734.1355746},
  year  = {2008},
  month = {mar},
  publisher = {Association for Computing Machinery ({ACM})},
  volume = {38},
  number = {2},
  pages = {69},
  author = {Nick McKeown and Tom Anderson and Hari Balakrishnan and Guru Parulkar and Larry Peterson and Jennifer Rexford and Scott Shenker and Jonathan Turner},
  title = {{OpenFlow}},
  journal = {{ACM} {SIGCOMM} Computer Communication Review}
}

@misc{XCache,
   year = 2018,
   title = "XCache Documentation",
   url = {http://slateci.io/XCache/}
}

@misc{SLATE-Catalog,
   year = 2018,
   title = "SLATE Application Catalog",
   url = {https://github.com/slateci/slate-catalog}
}



@misc{Prometheus,
   year = "2018",
   title = "Prometheus Monitoring and Alerting Toolkit",
   url = {https://prometheus.io/}
}


@article{Aprile:2015uzo,
      author         = "Aprile, E. and others",
      title          = "{Physics reach of the XENON1T dark matter experiment}",
      collaboration  = "XENON",
      journal        = "JCAP",
      volume         = "1604",
      year           = "2016",
      number         = "04",
      pages          = "027",
      doi            = "10.1088/1475-7516/2016/04/027",
      eprint         = "1512.07501",
      archivePrefix  = "arXiv",
      primaryClass   = "physics.ins-det",
      SLACcitation   = "%%CITATION = ARXIV:1512.07501;%%"
}

@misc{YAML,
   year = "2018",
   title = "YAML Ain't Markup Language",
   url = {http://yaml.org/}
}